@ARTICLE{1,
  author  = {Newman, M. E. J. and Girvan, M.},
  title   = {Finding and evaluating community structure in networks},
  journal = {Phys. Rev. E.}, 
  volume  = {69},
  year    = {2004},
  pages   = {026113}
}

@ARTICLE{2,
  author  = {Vehlow, C. and Reinhardt, T. and Weiskopf, D.},
  title   = {Visualizing Fuzzy Overlapping Communities in Networks},
  journal = {IEEE Trans. Vis. Comput. Graph.}, 
  volume  = {19},
  year    = {2013},
  pages   = {2486-2495}
}

@ARTICLE{3,
  author  = {Raghavan, U. and Albert, R. and Kumara, S.},
  title   = {Near linear time algorithm to detect community structures in large-scale networks},
  journal = {Phys. Rev E.}, 
  volume  = {76},
  year    = {2007},
  pages   = {036106}
}

@CONFERENCE{4,
  author  = {Hullermeier, E. and Rifqi, M.},
  title   = {A Fuzzy Variant of the Rand Index for Comparing Clustering Structures},
  booktitle = {in Proc. IFSA/EUSFLAT Conf.}, 
  year    = {2009},
  pages   = {1294-1298}
}
